<record><leader>00000cas a22000007a 4500</leader><controlfield tag="001">11475029</controlfield><controlfield tag="008">841210d18501856inuwr ne      0    0eng d</controlfield><datafield ind1=" " ind2=" " tag="010"><subfield code="a">sn 84045581 </subfield></datafield><datafield ind1=" " ind2=" " tag="040"><subfield code="a">NPI</subfield><subfield code="b">eng</subfield><subfield code="c">NPI</subfield><subfield code="d">OCL</subfield><subfield code="d">OCLCQ</subfield><subfield code="d">IUL</subfield><subfield code="d">OCLCF</subfield></datafield><datafield ind1=" " ind2=" " tag="042"><subfield code="a">msc</subfield></datafield><datafield ind1=" " ind2=" " tag="043"><subfield code="a">n-us-in</subfield></datafield><datafield ind1="0" ind2=" " tag="130"><subfield code="a">Independent press (Lawrenceburg, Ind. : 1850)</subfield></datafield><datafield ind1="1" ind2="4" tag="245"><subfield code="a">The Independent press.</subfield></datafield><datafield ind1="1" ind2="3" tag="246"><subfield code="a">Weekly independent press</subfield></datafield><datafield ind1=" " ind2=" " tag="260"><subfield code="a">Lawrenceburgh, Ind. :</subfield><subfield code="b">J.P. Chew,</subfield><subfield code="c">1850-1856.</subfield></datafield><datafield ind1=" " ind2=" " tag="300"><subfield code="a">v. ;</subfield><subfield code="c">60-65 cm.</subfield></datafield><datafield ind1=" " ind2=" " tag="310"><subfield code="a">Weekly</subfield></datafield><datafield ind1="0" ind2=" " tag="362"><subfield code="a">Vol. 1, no. 1 (Oct. 18, 1850)-</subfield></datafield><datafield ind1="1" ind2=" " tag="362"><subfield code="a">Ceased with vol. 6, no. 25? [misnumbered as 24] (Apr. 2?, 1856).</subfield></datafield><datafield ind1=" " ind2=" " tag="500"><subfield code="a">Called also: Dec. 5, 1851-Mar. 31, 1852, Weekly independent press.</subfield></datafield><datafield ind1=" " ind2=" " tag="500"><subfield code="a">Subtitle: Apr. 18, 1851-Oct. 13, 1852 (varies slightly), "A weekly journal--devoted to agriculture, mechanic arts, literature, markets, general intelligence, etc."</subfield></datafield><datafield ind1=" " ind2=" " tag="500"><subfield code="a">Subtitle: Dec. 5, 1851-Oct. 13, 1852, "The advocacy of truth--the enlightenment of the people--and the perpetuity of our institutions."</subfield></datafield><datafield ind1=" " ind2=" " tag="500"><subfield code="a">Subtitle: Oct. 20, 1852-Oct. 10, 1855, "A family newspaper--pledged to no party's arbitrary sway--willing to praise, but not afraid to blame."</subfield></datafield><datafield ind1=" " ind2=" " tag="500"><subfield code="a">Subtitle: Oct. 17, 1855-Apr. 2, 1856, "A family newspaper--devoted to the local interests of Dearborn county."</subfield></datafield><datafield ind1=" " ind2=" " tag="500"><subfield code="a">Publishers: H.L. Brown and J.E. Goble, Oct. 18, 1850-Aug. 15, 1851; W.W. Hibben, Aug. 22, 1851-Oct. 13, 1852; J.P. Chew, Oct. 20, 1852-Apr. 2, 1856.</subfield></datafield><datafield ind1=" " ind2="0" tag="651"><subfield code="a">Lawrenceburg (Ind.)</subfield><subfield code="v">Newspapers.</subfield></datafield><datafield ind1=" " ind2="0" tag="651"><subfield code="a">Dearborn County (Ind.)</subfield><subfield code="v">Newspapers.</subfield></datafield><datafield ind1=" " ind2="7" tag="651"><subfield code="a">Indiana</subfield><subfield code="z">Dearborn County.</subfield><subfield code="2">fast</subfield><subfield code="0">(OCoLC)fst01216007</subfield></datafield><datafield ind1=" " ind2="7" tag="651"><subfield code="a">Indiana</subfield><subfield code="z">Lawrenceburg.</subfield><subfield code="2">fast</subfield><subfield code="0">(OCoLC)fst01238715</subfield></datafield><datafield ind1=" " ind2="7" tag="655"><subfield code="a">Newspapers.</subfield><subfield code="2">fast</subfield><subfield code="0">(OCoLC)fst01423814</subfield></datafield><datafield ind1=" " ind2=" " tag="752"><subfield code="a">United States</subfield><subfield code="b">Indiana</subfield><subfield code="c">Dearborn</subfield><subfield code="d">Lawrenceburg.</subfield></datafield><datafield ind1="0" ind2="7" tag="785"><subfield code="t">Aurora weekly standard</subfield><subfield code="w">(DLC)sn 83025596</subfield><subfield code="w">(OCoLC)9647298</subfield></datafield><datafield ind1="0" ind2="7" tag="785"><subfield code="t">Standard and press</subfield><subfield code="w">(DLC)sn 83025593</subfield><subfield code="w">(OCoLC)9641921</subfield></datafield></record>